-*- coding: utf-8; -*-



@Book{masterchef:2011,
  author =    {Collectif},
  title =        {{MasterChef Le Cookbook saison 2}},
  publisher =    {Solar},
  note = {ISBN-13: 978-2263053665},
  year =         2011}


@Misc{cuisine-facile.com:macarons,
  author =    {{cuisine-facile.com}},
title={Macarons},
  note =      {\url{http://cuisine-facile.com/desserts/recette-macarons.html}}}

@Misc{recettemacaron.eu:macarons,
  author =    {recettemacaron.eu},
title = {Macaron vanille},
  note =      {\url{http://recettemacaron.eu/macaron-vanille}}}

@Misc{marmiton.org:macarons,
  author =    {marmiton.org},
title= {Macarons inratables},
  note =      {\url{http://www.marmiton.org/recettes/recette_macarons-inratables_72497.aspx}}}



@Misc{raids-patisseries.com:meilleur_macaron_chocolat_Paris,
  author =    {raids-patisseries.com},
  title =     {Où déguster le meilleur macaron au chocolat de {Paris}?},
  month =     {sep},
  year =      2011,
  note =      {\url{http://www.raids-patisseries.com/2011/09/le-meilleur-macaron-au-chocolat-de.html}}}

@Book{hermé:desserts,
  author =    {Pierre Hermé},
  title =        {{Le {Larousse} des desserts: recettes, techniques et tours de main}},
  publisher =    {Larousse},
  year =         2011,
  edition =   {2nde}}

@Book{hermé:chocolat,
  author =    {Pierre Hermé},
  title =        {{Le {Larousse} du chocolat: recettes, techniques et tours de main}},
  publisher =    {Larousse},
  year =         2009,
}

